% LEBENDIGES GLOSSAR
% Stand: 26.02.2015
% Autor: Erhan Tuna
%-------------------------------------------------------------------------------------------------

%Copy%Paste Template
%GLOSSDEF{label, 			% Pflichtangabe
%word = {word}, 				% Pflichtangabe
%definition = {definition}, 	% Pflichtangabe
%short = {short}, 			% Optional
%sort-word = {sort-word}, 	% Optional
%group = {group}, 			% Optional
%heading = {heading} 		% Optional
}

@GLOSSDEF{std,
word       = {Wort },
short	   = {Abk },
definition = {Erklärung } }
%----------------------------------------------------------


@GLOSSDEF{petri,
word       = {Petrischale },
definition = {flache, runde, durchsichtige Schalen, die zur Kultivierung von Mikroorganismen eingesetzt werden. } }

@GLOSSDEF{pm,
word       = {Prozessmodell },
definition = {ist in der Softwareentwicklung eine Vorgehensweise, die bestimmt, wann welche Entwicklungsphase durchgeführt wird. Sie ist der organisatorische Rahmen für den Prozess eines IT-Projektes.} }

@GLOSSDEF{beta,
word       = {Beta },
definition = {ist in der Softwarebranche die Bezeichnung für eine Anwendung, die sich noch in der Testphase befindet. } }


@GLOSSDEF{roi,
word       = {Return Of Invest },
short	   = {ROI },
definition = {ist eine Kennzahl, die sich aus Umsatzrentabilität multipliziert mit der Umschlagshäufigkeit des Gesamtkapitals zusammensetzt. } }

@GLOSSDEF{inkrement,
word       = {Inkrement },
definition = {bei einer schrittweisen Erhöhung einer Größe (z.B. Zahl, Produkt), ist das Inkrement, der festgelegte Betrag der Änderung. } }

@GLOSSDEF{malaria,
word       = {Malaria },
definition = {(auch Sumpffieber, Wechselfieber oder kaltes Fieber genannt) ist eine Tropenkrankenheit, die Fieber, Schüttelfrost und Krämpfe verursacht. Sie wird hauptsächlich von Anopheles Moskitos übertragen.} }

@GLOSSDEF{haemoglobin,
word       = {Hämoglobin },
definition = {ist ein eisenhaltiger Proteinkomplex, der in den roten Blutkörperchen der Wirbeltiere Sauerstoff bindet und ihnen ihre rote Farbe verleiht (Blutfarbstoff).} }

@GLOSSDEF{sichelzell,
word       = {Sichelzellanämie },
definition = {ist eine genetisch vererbte Durchblutungsstörung, die tödlich enden kann. } }

@GLOSSDEF{rezessiv,
word       = {rezessiv },
definition = {in der Genetik wird damit die Eigenschaft von Genen beschrieben, die gegenüber dominanten Genen zurücktretend erscheinen. },
heading={Rezessivität} }

@GLOSSDEF{mutation,
word       = {Mutation },
definition = {ist eine Veränderung der genetischen Erbsubstanz. Diese wird verursacht durch das fehlerhafte Kopieren von DNA. } }

@GLOSSDEF{magnetron,
word       = {Magnetron },
definition = {ist ein Gerät zur Erzeugung elektromagnetischer Wellen im Mikrowellenbereich. } }

@GLOSSDEF{penicillum,
word       = {Penicillum },
definition = {lat. penicillus; dt. Penizillin; ist ein Pinselschimmel, der antibakteriell wirkt und somit als Medikament gegen Infektionen zum Einsatz kommt. } }

@GLOSSDEF{tqm,
word       = {Total Quality Management },
short	   = {TQM },
definition = {ist eine Methode der Qualitätssicherung, bei der die Mitarbeiter aktiv aus ihren Fehlern lernen sollen. } }

@GLOSSDEF{transdisz,
word       = {transdisziplinär },
definition = {beschreibt ein Prinzip der integrativen Forschung, bei dem sich das Forschungsgebiet aus unterschiedlichen Bereichen anderer Wissenschaften zusammensetzt. Integrationswissenschaften werden daher auch als transdisziplinär (fächerübergreifend) bezeichnet. } } 
% \SeeAlso{\cite{schaefer}} \SeeAlso{\gloss[word]{interdisz}}
% SeeAlso dient als Demo

@GLOSSDEF{interdisz,
word       = {interdisziplinär },
definition = {ist die Nutzung von Ansätzen, Denkweisen oder zumindest Methoden verschiedener Fachrichtungen.
Eine interdisziplinäre oder fächerübergreifende Arbeitsweise umfasst mehrere voneinander unabhängige Einzelwissenschaften, die einer meist wissenschaftlichen Fragestellung mit ihren jeweiligen Methoden nachgehen. } }

%Hierbei spielt eine untergeordnete Rolle, ob diese Fachgebiete selbst interdisziplinäre Ansätze verfolgen oder ob sich diese Ansätze erst durch eine Kombination der Fachgebiete ergeben.
%In Abgrenzung zur Multidisziplinarität ist wichtig, dass Methoden zwischen den Disziplinen vermittelt werden und sich damit Lösungsstrategien %nicht nur durch einen Austausch der Ergebnisse ergeben. Interdisziplinarität bedingt das Zusammenführen verschiedener Teilaspekte, ein reines Nebeneinander dieser Aspekte reicht hierfür nicht aus.(aus Wiki übernommen) \SeeAlso{\gloss[word]{transdisz}}

@GLOSSDEF{it,
word       = {Information und Telekommunikation },
short	   = {IT},
definition = {steht insgesamt für die Informations- und Telekommunikationsbranche. Darunter fällt die digitale und analoge Kommunikation zwischen verschiedenen Parteien.}

}

@GLOSSDEF{set,
word       = {Secure Electronic Transaktion },
short	   = {SET},
definition = {ist ein Verfahren, welchen von IBM, Microsoft....} }

@GLOSSDEF{eeprom,
word       = {Electrically Erasable Programmable Read-Only Memory},
short	   = {EEPROM},
definition = {Erklärung } }

@GLOSSDEF{ram,
word       = {Random Access Memory},
short	   = {RAM},
definition = {Erklärung } }

@GLOSSDEF{rom,
word       = {Read-Only Memory},
short	   = {ROM},
definition = {ist ein Speicher, der nur gelesen werden kann, aber nicht beschrieben. } }

@GLOSSDEF{pin,
word       = {Personal Identification Number},
short	   = {PIN},
definition = {ist eine 4-stellige Nummer, die... } }

@GLOSSDEF{des,
word       = {Data Encryption Standard},
short      = {DES},
definition = {Der Data Encryption Standard gehört zur Klasse der symmetrsichen Verschlüsselungstechnik} }

@GLOSSDEF{aes,
word       = {Advanced Encryption Standard},
short	   = {AES},
definition = {Der Advanced Encryption Standard ist eine Weiterentwicklung des DES.} }

@GLOSSDEF{rsa,
word       = {RSA-Verfahren},
short	   = {RSA},
definition = {Ron } }

@GLOSSDEF{ssl,
word       = {Secure Socket Layer},
short	   = {SSL},
definition = {Secure Socket Layer ist eine...} }

@GLOSSDEF{hash,
word       = {Hash-Wert},
definition = {Eine Prüfsumme, die als Fingerabdruck} }

@GLOSSDEF{xor,
word       = {Exklusives-Oder},
short	   = {XOR},
definition = {entweder das eine oder das entweder, nicht beide und nicht eins} }

@GLOSSDEF{perm,
word       = {Permutation},
definition = {Ist in der Informatik ...} }

@GLOSSDEF{substi,
word       = {Substitution},
definition = {Ist in der Informatik ...} }

@GLOSSDEF{nist,
word       = {National Institute of Standards and Technology},
short	   = {NIST},
definition = {Institut für Normen und Standardisierungen} }

@GLOSSDEF{idea,
word       = {International Data Encryption Algorithm},
short	   = {IDEA},
definition = {Die Weiterentwicklung von ...} }

@GLOSSDEF{swift,
word       = {Society for Worldwide Interbank Financial Telecommunications},
short	   = {S.W.I.F.T},
definition = {so was wie eine behörde} }

@GLOSSDEF{pem,
word       = {Privacy Enhanced Mail},
short	   = {PEM},
definition = {eine technik} }

@GLOSSDEF{dsa,
word       = {Digital Signature Algorithm},
short	   = {DSA},
definition = {ein signieralgorithmus} }

@GLOSSDEF{rfid,
word       = {RFID-Chips},
short	   = {RFID},
definition = {Funktechnologie} }

@GLOSSDEF{mediatisierung,
word       = {mediatisierung},
definition = {elektronische Abbildung der Kommunikationsbeziehungen zwischen den Marktteilnehmern.} }

@GLOSSDEF{b2b,
word       = {Business-to-Business},
short	   = {B2B},
definition = {Handel zwischen Unternehmen, besonders im Internet} }

@GLOSSDEF{ecommerce,
word       = {E-Commerce},
definition = {elektronischer Geschäftsverkehr} }

@GLOSSDEF{b2c,
word       = {Business-to-Consumer},
short	   = {B2C},
definition = {Geschäfte zwischen Unternehmen und Privatkunden} }

@GLOSSDEF{emalls,
word       = {Electronic Shopping Malls},
definition = {virtuelles Shopping- und Dienstleistungszentrum} }

@GLOSSDEF{tpferde,
word       = {Trojanische Pferde},
definition = {Programme, die eine schädliche Funktion beinhalten.} }

@GLOSSDEF{viren,
word       = {Viren},
definition = {Computerviren sind von Menschen geschriebene Programme, die sich selbst reproduzieren, indem sie sich an andere Programme anhängen. Fast immer enthalten Computerviren einen Programmteil, der Schaden verursacht.} }

@GLOSSDEF{hacker,
word       = {Hacker},
definition = {Das Wort wird alltagssprachlich gebraucht, um jemanden zu bezeichnen, der über ein Netzwerk in Computersysteme eindringt.} }

@GLOSSDEF{wuermer,
word       = {Würmer},
definition = {Computerprogramm oder Skript mit der Eigenschaft, sich selbst zu vervielfältigen, nachdem es einmal ausgeführt wurde.} }

@GLOSSDEF{wcs,
word       = {Worst-Case-Szenario},
definition = {Szenario, dem die Annahme zugrunde liegt, dass der schlimmste aller denkbaren Fälle eintreten wird.} }

@GLOSSDEF{prop,
word       = {proprietär},
definition = {herstellergebunden} }

@GLOSSDEF{quarantaene,
word       = {Quarantäne},
definition = {vorübergehende Isolierung von befallener Dateien oder Programmen als Schutzmaßnahme gegen eine Verbreitung.} }

@GLOSSDEF{algorithmus,
word       = {Algorithmus},
definition = {Verfahren zur schrittweisen Umformung von Zeichenreihen; Rechenvorgang nach einem bestimmten Schema.} }

@GLOSSDEF{dekodierung,
word       = {Dekodierung},
definition = {Entschlüsselung} }

@GLOSSDEF{futures,
word       = {Futures},
definition = {Terminkontrakte auf ein bestimmtes Gut.} }

@GLOSSDEF{optionen,
word       = {Optionen},
definition = {Das Recht, bestimmte Wertpapiere bis zu einem bestimmten Termin zu einem bereits feststehenden Kurs zu kaufen oder verkaufen} }

@GLOSSDEF{swaps,
word       = {Swaps},
definition = {Ein Swap ist eine Tauschvereinbahrung zwischen mindestens zwei Schuldnern} }

@GLOSSDEF{emittent,
word       = {Emittent},
definition = {Herausgeber von Wertpapieren} }

@GLOSSDEF{xetra,
word       = {Exchange Electronic Trading},
short	   = {Xetra},
definition = {Elektronisches Börsenhandelssystem für den Kassamarkt} }

@GLOSSDEF{eurex,
word       = {European Exchange},
short	   = {Eurex},
definition = {Weltweit größte Terminbörse für Futures und Optionen} }

@GLOSSDEF{ipo,
word       = {initial public offering},
short	   = {IPO},
definition = {Erstmaliges öffentliches Angebot einer bislang nicht börsennotierten Aktiengesellschaft (AG) oder Kommanditgesellschaft auf Aktien (KGaA).} }

@GLOSSDEF{clientserver,
word       = {Client-Server-Architektur},
definition = {Ein Systemdesign, bei dem die Verarbeitung einer Anwendung in zwei separate Teile aufgespaltet wird. Ein Teil läuft auf dem Server, der andere Teil auf einer Workstation.} }

@GLOSSDEF{api,
word       = {application programming interface},
short	   = {API},
definition = {Programmschnittstelle} }















