% LEBENDIGES LITERATURVERZEICHNIS
% Stand: 10.12.2015		Version: 1.0.1 Link für Literaturtypen ergänzt, goo.gl link shortener eingefügt
% Stand: 23.02.2015		Version: 1.0.1 ebenda (ebd.) Regel eingefügt und mehrere Quellen für eine Aussage, Zitierfähige Quellen
%-------------------------------------------------------------------------------------------------
% Literaturverzeichnis ist nach dem Familiennamen des Verfassers zu sortieren - aufsteigend
% Mehrere Werke eines Verfassers sind in chronologischer Reihenfolge aufzunehmen - beginnend mit der frühesten Publikation

% ACHTUNG! innerhalb des BOOK-Tags DARF KEIN Kommentar stehen 
% Es dürfen KEINE Schlüsselwörter in den Kommentaren verwendet werden

% FOM-Leitlinien: 
%######################################################################################################
% NICHT ZITIERFÄHIGE QUELLEN SIND: Seminar-, Bachelor-, Master- und Diplomarbeiten, Vorlesungsbeilagen (!)
%-MEHRFACHE ZITIERUNG VON SELBER QUELLE AUF GLEICHER SEITE-############################################
% ab dem 2. Mal(d.h. beim 2. Mal; siehe auch ab 12 Jahren = mind. 12) Zitieren von gleicher Seite, kann "ebd., S. XY" verwendet werden
% Mehrere Quellen (Autoren) für eine Aussage, können via Strichpunkt voneinander getrennt in der Fußnote angegeben werden
%-LITERATURVERZEICHNIS-################################################################################
% siehe hierzu: https://de.wikipedia.org/wiki/BibTeX Abschnitt Literaturtypen

% Monographien: 	Familienname, V. (Erscheinungsjahr): Vollständiger_Titel, [Diss. ]2. Auflage, Verlagsort Erscheinungsjahr

% Ausfätze/Artikel: Familienname, V. (Erscheinungsjahr): Vollständiger_Titel in: Herausgeber (Hrsg.), Titel_des_Sammelwerks, 2. Auflage,[ Bd,]Ort Jahr, S. von-bis

% Zeitungsartikel:  Familienname, V. (Erscheinungsjahr): Vollständiger_Titel, Vollständiger_Titel_des_Artikels in: Name_der_Zeitung, 45. Jg., Nr. Heftnr, S. von-bis

% Internetquelle:	Familienname, V./ggf. Anbieter (Erscheinungsjahr): Titel. URL:http://www.url.de, Stand Datum.

% Hyperlinks von Internetquellen wurden gekürzt, z. B. mit http://www.hamburg.de/link/ oder https://goo.gl/
%######################################################################################################

% Copy&Paste-Template
%------------------------------------------

@BOOK{default,
	author = {Vorname Nachname and Vorname2 Nachname2},
	title = {titel},
	publisher = {Verlag, Ort},
	edition= {x. Auflage Bd. II},
	year = {2012} }
	% OPTIONAL
	%volume= {} ,
	%%oder number= {}, 
	%series= {}, 
	%address= {}, 
	%month= {}, 
	%note= {}, 
	%isbn= {}

%-------------------------------------------------------------------------------
%-------------------------------------------------------------------------------

% Software Engineering: Fehlerkultur: Was Unternehmen von agiler Softwareentwicklung lernen können------------------------------------------------


@BOOK{salch,
	author = {Salchegger, S.},
	title = {Der Umgang mit Fehlern: am Beispiel des Unternehmens Transparent Design},
	publisher = {Akademikerverlag, Saarbrücken},
	edition= {1. Auflage},
	year = {2013} }

@BOOK{probst,
	author = {Probst, G. J. B. and Büchel, B. S. T.},
	title = {Organisationales Lernen. Wettbewerbsvorteil der Zukunft},
	publisher = {Gabler, Wiesbaden},
	edition= {2. Auflage},
	year = {1998} }

@BOOK{senge,
	author = {Senge, P. M.},
	title = {Die fünfte Disziplin},
	publisher = {Klett-Cotta, Stuttgart},
	edition= {6. Auflage},
	year = {1996} }

@BOOK{kline,
	author = {Kline, P. and Saunders, B.},
	title = {Zehn Schritte zur Lernenden Organisation},
	publisher = {Junfermann Verlag, Paderborn},
	edition= {},
	year = {1996} }

@BOOK{eiselen,
	author = {Eiselen, T. and Bösch, M. I. and Mengl, E.},
	title = {Fehler als Innovationschance},
	publisher = {Wissenschaftlicher Verlag, Berlin},
	edition= {Bd. 7},
	year = {2006} }

@BOOK{lehner,
	author = {Lehner, B.},
	title = {Begabungsfördernde Fehlerkultur: Welche Kriterien muss eine positive Fehlerkultur im begabungs- und begabtenfördernden Unterricht erfüllen?},
	publisher = {Akademikerverlag, Saarbrücken},
	edition= {},
	year = {2013} }

@BOOK{royce,
	author = {Royce, W.},
	title = {Managing The Development Of Large Software Systems},
	publisher = {},
	edition= {},
	year = {1970} }

@BOOK{ulmann,
	author = {Ulmann, B.},
	title = {Software-Engineering},
	publisher = {FOM, Frankfurt am Main},
	edition= {V. 1.3},
	year = {2014} }

@BOOK{veikko,
	author = {Krypczyk, V.},
	title = {Softwareentwicklungsprozess: Von der ersten Idee bis zur Installation},
	publisher = {entwickler.press, Frankfurt am Main},
	edition= {},
	year = {2013} }

@BOOK{xtreme,
	author = {Beck, K.},
	title = {Extreme Programming: Die revolutionäre Methode für Softwareentwicklung in kleinen Teams},
	publisher = {Addison-Wesley, München},
	edition= {},
	year = {2000} }

@BOOK{zeit,
	author={Schramm, S. and Wüstenhagen, C.},
	title={Die Kunst des Scheiterns},
	url={http://t1p.de/o0d2},
	urldate={17.02.2015},
	year={2013}
}

@BOOK{iris,
	author = {Leitz, I.},
	title = {Motivation durch Beziehung},
	publisher = {Springer Fachmedien, Wiesbaden},
	edition= {Diss.},
	year = {2013} }

@BOOK{schloesser,
	author = {Schlösser, O.},
	title = {Humane Orientation: A cross-cultural study in 26 countries},
	publisher = {Universitätsbibliothek, Gießen},
	edition= {Diss.},
	year = {2006} }

@BOOK{hendrickson,
	author = {Hendrickson, E.},
	title = {Explore It!},
	publisher = {dpunkt.verlag, Heidelberg},
	edition= {1. Auflage},
	year = {2014} }

@BOOK{ohrmann,
	author = {Ohrmann, R. AND Wehner, T.},
	title = {Sinnprägnante Aussagen zur Fehlerforschung: eine formal klassifikatorische inhaltlich historische Darstellung},
	publisher = {Kieselbach, Bremen},
	year = {1989} }

@book{schwaber,
  title={Agiles Projektmanagement mit Scrum},
  author={Schwaber, K.},
  isbn={9783866456310},
  url={http://books.google.de/books?id=OTsrPQAACAAJ},
  year={2007},
  publisher={Microsoft Press, Unterschleißheim}
}

@book{oester,
  title={APM - Agiles Projektmanagement},
  author={Oestereich, B. AND Weiss, C. AND Lehmann, O. F. AND Vigenschow, U.},
  year={2014},
  publisher={dpunkt.verlag, Heidelberg}
}

@BOOK{schaefer,
	author = {Schäfer, J.},
	title = {Lob des Irrtums: Warum es ohne Fehler keinen Fortschritt gibt},
	publisher = {Bertelsmann, München},
	edition= {1. Auflage},
	year = {2014} }
	% OPTIONAL
	%volume= {} ,
	%%oder number= {}, 
	%series= {}, 
	%address= {}, 
	%month= {}, 
	%note= {}, 
	%isbn= {}

@book{demir,
  author={Demir, E.},
	title={Der ideale Umgang mit Fehlern (in Organisationen) durch eine konstruktive Fehlerkultur und organisationales Lernen},
  publisher={GRINV, Norderstedt},
  edition={},
	year={2014}
}

@book{weingardt,
  author={Weingardt, M.},
	title={Fehler zeichnen uns aus: transdisziplinäre Grundlagen zur Theorie und Produktivitätt des Fehlers in Schule und Arbeitswelt},
  publisher={Klinkhardt, Kempten},
  edition={1. Auflage},
	year={2004}
}
%   isbn={9783781512764},  url={http://books.google.de/books?id=m8U2O49LVEUC},

@book{schuettelkopf,
title = {Fehler - Lernen - Unternehmen: wie Sie die Fehlerkultur und Lernreife Ihrer Organisation wahrnehmen und gestalten},
author = {Schüttelkopf, E. M. and Ebner, G. and Heimerl, P.},
publisher = {Lang, Frankfurt am Main},
edition={1. Auflage},
year = {2008}
}


@book{base_c3f00b,
title = {{Wahrgenommene Fehlerkultur und individueller Umgang mit Fehlern}},
author = {Rach, S. AND Heinze, A. AND Ufer, S.},
publisher = {{Gesellschaft f{\"u}r Didaktik der Mathematik}},
url = {http://hdl.handle.net/2003/32456},
year = {2012},
note = {{Es wird eine Interventionsstudie mit 32 Klassen der Sekundarstufe I zum Lernen aus Fehlern vorgestellt. Dabei wurden zwei Interventionen {\"u}ber ein halbes Jahr implementiert. W{\"a}hrend die erste die Schaffung eines fehlertoleranten Lernklimas anstrebte, wurden in der zweiten zus{\"a}tzlich auf der kognitiven Ebene Strategien zum Umgang mit Fehlern behandelt. In dem Vortrag werden Effekte zur Ver{\"a}nderung der wahrgenommenen Fehlerkultur und des individuellen Umgangs mit Fehlern von Lernenden diskutiert.}},
keywords = {{ddc:510}},
language = {{ger}},
}

@BOOK{wiwo,
	author={o.V.},
	title={Zehn zufällige Entdeckungen},
	url={http://t1p.de/a6u3},
	urldate={11.02.2015},
	year={2014}
}

@BOOK{zehn,
	author={Jänsch, R.},
	title={Die 10 zufälligsten wissenschaftlichen Errungenschaften},
	url={http://t1p.de/emg4},
	urldate={11.02.2015},
	year={2012}
}

@BOOK{wiener,
	author = {Schleich, U.},
	title = {Frohes Scheitern!},
	url = {http://t1p.de/v5kn},
	urldate = {11.02.2015},
	year = {2007} }

% ENDE Software Engineering---------------------------------------------------------------------------------------------------------------------------

% eBusiness: eBusiness im Finanzdienstleistungssektor---------------------------------------------------------------------------------------------------------
% BUCH oder DISSERTATION NACH FOM-LEITLINIEN
@BOOK{Jager,
	author = {Lars Jäger},
	title = {Die Bewertung ausgewählter Zahlungssysteme für den Electronic-Commerce - Eine theoretische und empirische Untersuchung},
	publisher = {Books on Demand GmbH, Norderstedt},
	edition= {Diss. Band I},
	year = {2008} }
	% OPTIONAL
	%volume= {} ,
	%%oder number= {}, 
	%series= {}, 
	%address= {}, 
	%month= {}, 
	%note= {}, 
	%isbn= {}

@book{theil,
  title={Elektronischer Zahlungsverkehr Am Beispiel Von Giropay},
  author={Marcus Theil},
  edition = {Elektronische Ressource},
  isbn={978-3-638-71138-8},
  year={2007},
  publisher={GRIN Verlag GbR, München} }
  
@BOOK{clickandbuy,
	author = {o.V.},
	title = {Wir über uns},
	url = {http://l.hh.de/ClickAndBuy},
	urldate = {22.05.2013},
	year = {2013} }
	% OPTIONAL
	%volume= {} ,
	%%oder number= {}, 
	%series= {}, 
	%address= {}, 
	%month= {}, 
	%note= {}, 
	%isbn= {}
	%edition= {x. Auflage Bd. II},% url={http://books.google.de/books?id=Sd6iLujvozkC},
	%publisher = {},
	
@BOOK{gwiozda,
	author = {Peter Gwiozda},
	title = {Zahlungssysteme im Internet: Systematik und beispielhafts Transaktionsabläufe},
	publisher = {GRIN Verlag GmbH, München},
	edition= {Elektronische Ressource},
	year = {2012} }
	% OPTIONAL
	%volume= {} ,
	%%oder number= {}, 
	%series= {}, 
	%address= {}, 
	%month= {}, 
	%note= {}, 
	%isbn= {978-3-656-23895-9}

@BOOK{bvh,
	author = {o.V.},
	title = {Aktuelle Studienergebnisse zur Nutzungssituation der Bezahlmöglichkeiten im Interaktiven Handel},
	publisher = {Berlin/Neuss, 07.03.2013},
	url = {http://l.hh.de/BvHUmfrage},
	urldate = {21.05.2013},
	year = {2013} }
	% OPTIONAL
	%volume= {} ,
	%%oder number= {}, 
	%series= {}, 
	%address= {}, 
	%month= {}, 
	%note= {}, 
	%isbn= {}
	%edition= {x. Auflage Bd. II},
	
@BOOK{Kretschmar,
	author = {Stephanie Kretschmar},
	title = {Elektronische Zahlungssysteme: Grundlagen, Verbreitung, Akzeptanz, Bewertung},
	publisher = {AV Akademikerverlag GmbH \& Co. KG, Saarbrücken},
	edition= {neue Auflage},
	year = {2012} }
	% OPTIONAL
	%volume= {} ,
	%%oder number= {}, 
	%series= {}, 
	%address= {}, 
	%month= {}, 
	%note= {}, 
	%isbn= {}
	
@BOOK{Foitzik,
	author = {Rainer Foitzik, Wolfgang Schmidt, Hans-Joachim Schwarz},
	title = {Finanzdienstleistungen für Privat- und Gewerbekunden},
	publisher = {Verlag Versicherungswirtschaft GmbH, Karlsruhe},
	year = {2012} }
	% OPTIONAL
	%volume= {} ,
	%%oder number= {}, 
	%series= {}, 
	%address= {}, 
	%month= {}, 
	%note= {}, 
	%isbn= {}

@BOOK{Lammer,
	author = {Thomas Lammer},
	title = {Handbuch E-Money, E-Payment \& M-Payment},
	publisher = {Physica-Verlag, Heidelberg},
	year = {2006} }
	% OPTIONAL
	%volume= {} ,
	%%oder number= {}, 
	%series= {}, 
	%address= {}, 
	%month= {}, 
	%note= {}, 
	%isbn= {}
	
@BOOK{Hacker,
	author = {Joachim Häcker},
	title = {Internet-Banking: Gestaltungsformen - Rechtsfragen - Sicherheitsaspekte},
	publisher = {Dt. Univ.-Verlag, Wiesbaden},
	edition= {Diss.},
	year = {1998} }
	% OPTIONAL
	%volume= {} ,
	%%oder number= {}, 
	%series= {}, 
	%address= {}, 
	%month= {}, 
	%note= {}, 
	%isbn= {}
	
@BOOK{Dombret,
	author = {Bastian Dombret},
	title = {Zahlungssysteme im Internet: Marktüberblick und Perspektiven},
	publisher = {Books on Demand GmbH, Norderstedt},
	year = {2008} }
	% OPTIONAL
	%volume= {} ,
	%%oder number= {}, 
	%series= {}, 
	%address= {}, 
	%month= {}, 
	%note= {}, 
	%isbn= {}
	
@BOOK{Eckert,
	author = {Claudia Eckert},
	title = {IT-Sicherheit: Konzepte - Verfahren - Protokolle},
	publisher = {Oldenburg Wissenschaftsverlag GmbH, München},
	edition= {8. Auflage},
	year = {2009} }
	% OPTIONAL
	%volume= {} ,
	%%oder number= {}, 
	%series= {}, 
	%address= {}, 
	%month= {}, 
	%note= {}, 
	%isbn= {}

@BOOK{Schmeh,
	author = {Klaus Schmeh},
	title = {Kryptographie: Verfahren, Protokolle, Infrastrukturen},
	publisher = {Dpunkt.Verlag GmbH, Heidelberg},
	edition= {4. Auflage},
	year = {2012} }
	% OPTIONAL
	%volume= {} ,
	%%oder number= {}, 
	%series= {}, 
	%address= {}, 
	%month= {}, 
	%note= {}, 
	%isbn= {}

@BOOK{Mack,
	author = {Felix Mack},
	title = {IT Sicherheit: Von Gefahren und Abwehrmaßnahmen},
	publisher = {Vdm Verlag, Saarbrücken},
	edition= {x. Auflage Bd. II},
	year = {2008} }
	% OPTIONAL
	%volume= {} ,
	%%oder number= {}, 
	%series= {}, 
	%address= {}, 
	%month= {Januar}, 
	%note= {}, 
	%isbn= {978"~383641"~845"~4}

@BOOK{Bohm,
	author = {Mark Boehm, Helmut Bundesmann, Max Kappler},
	title = {Datensicherheit als Grundlage des internationalen elektronischen Handels - Datenschutz, Verschlüsselung},
	publisher = {GRIN Verlag GmbH, München},
	year = {2012} }
	% OPTIONAL
	%volume= {} ,
	%%oder number= {}, 
	%series= {}, 
	%address= {}, 
	%month= {Februar}, 
	%note= {}, 
	%isbn= {}
	
@BOOK{inet1,
	author = {o.V.},
	publisher = {ITWissen},
	title = {Das große Online Lexikon für Informationstechnologie},
	year = {2013} ,
	url = {http://l.hh.de/Hash},
	urldate= {2015"~05"~17} }
	% OPTIONAL
	%volume= {} ,
	%%oder number= {}, 
	%series= {}, 
	%address= {}, 
	%month= {}, 
	%note= {}, 
	%isbn= {}
	
	
	@BOOK{Bodendorf1,
	author = {Freimut Bodendorf},
	publisher = {Springer},
	title = {Wirtschaftsinformatik im Dienstleistungsbereich},
	year = {1999} }
	% OPTIONAL
	%volume= {} ,
	%%oder number= {}, 
	%series= {}, 
	%address= {}, 
	%month= {}, 
	%note= {}, 
	%isbn= {}
	
@BOOK{Bodendorf2,
	author = {Freimut Bodendorf, Susanne-Robra-Bissantz},
	publisher = {Oldenbourg Wissenschaftsverlag},
	title = {E-Finance: Elektronische Dienstleistungen in der Finanzwirtschaft},
	year = {2003} }
	% OPTIONAL
	%volume= {} ,
	%%oder number= {}, 
	%series= {}, 
	%address= {}, 
	%month= {}, 
	%note= {}, 
	%isbn= {}
	
@BOOK{Deuinfuintrev,
	author = {o.V.},
	publisher = {Deutsches Institut für Interne Revision},
	title = {Prüfung des Wertpapierdienstleistungsgeschäftes: Effekten- und Depotgeschäft},
	year = {2005} }
	% OPTIONAL
	%volume= {} ,
	%%oder number= {}, 
	%series= {}, 
	%address= {}, 
	%month= {}, 
	%note= {}, 
	%isbn= {}
	
@BOOK{Franke,
	author = {Gunter Franke, Herbert Hax},
	publisher = {Springer},
	title = {Finanzwirtschaft des Unternehmens und Kapitalmarkt},
	year = {2004} }
	% OPTIONAL
	%volume= {} ,
	%%oder number= {}, 
	%series= {}, 
	%address= {}, 
	%month= {}, 
	%note= {}, 
	%isbn= {}
	
@BOOK{Gomolka,
	author = {Johannes Gomolka},
	publisher = {Universitätsverlag Potsdam},
	title = {Algorithmic Trading: Analyse von computergesteuerten Prozessen im Wertpapierhandel unter Verwendung der Multifaktorenregression},
	year = {2011} }
	% OPTIONAL
	%volume= {} ,
	%%oder number= {}, 
	%series= {}, 
	%address= {}, 
	%month= {}, 
	%note= {}, 
	%isbn= {}
	
@BOOK{Hirth,
	author = {Hans Hirth},
	publisher = {Oldenbourg Wissenschaftsverlag},
	title = {Grundzüge der Finanzierung und Investition},
	year = {2012} }
	% OPTIONAL
	%volume= {} ,
	%%oder number= {}, 
	%series= {}, 
	%address= {}, 
	%month= {}, 
	%note= {}, 
	%isbn= {}
	
@BOOK{Mertens,
	author = {Peter Mertens, Freimut Bodendorf, Wolfgang König, Arnold Picot, Matthias Schumann, Thomas Hess},
	publisher = {Springer},
	title = {Grundzüge der Wirtschaftsinformatik},
	year = {2007} }
	% OPTIONAL
	%volume= {} ,
	%%oder number= {}, 
	%series= {}, 
	%address= {}, 
	%month= {}, 
	%note= {}, 
	%isbn= {}
	
@BOOK{Schittler,
	author = {Robert Schittler, Martin Michalky},
	publisher = {FinanzBuch Verlag},
	title = {Das große Buch der Börse: Investieren für jedermann/Fundamentale Analyse für jedermann/Technische Analyse für jedermann/Derivate für jedermann/Trading für jedermann},
	year = {2008} }
	% OPTIONAL
	%volume= {} ,
	%%oder number= {}, 
	%series= {}, 
	%address= {}, 
	%month= {}, 
	%note= {}, 
	%isbn= {}

@BOOK{xetramamod,
	author = {o.V.},
	publisher = {Deutsche Börse AG},
	title = {Xetra Release 13.0 Marktmodell Aktien},
	year = {2012} ,
	url = {http://l.hh.de/XeModell},
	urldate= {2013"~05"~21} }
	% OPTIONAL
	%volume= {} ,
	%%oder number= {}, 
	%series= {}, 
	%address= {}, 
	%month= {}, 
	%note= {}, 
	%isbn= {}
	
@BOOK{Krahnen,
	author = {Jan Pieter Krahnen},
	publisher = {Fritz Knapp Vdxeerlag},
	title = {Finanzmärkte und E-Commerce \& Cross Border Financial Integration - Trends, Strategies and Lessons Learned},
	year = {2002} }
	% OPTIONAL
	%volume= {} ,
	%%oder number= {}, 
	%series= {}, 
	%address= {}, 
	%month= {}, 
	%note= {}, 
	%isbn= {}
	
@BOOK{Picot,
	author = {Arnold Picot, Ralf Reichwald, Rolf T. Wigand},
	publisher = {Gabler},
	title = {Die grenzenlose Unternehmung},
	year = {2001} }
	% OPTIONAL
	%volume= {} ,
	%%oder number= {}, 
	%series= {}, 
	%address= {}, 
	%month= {}, 
	%note= {}, 
	%isbn= {}
	
@BOOK{Deutsch,
	author = {Markus Deutsch},
	publisher = {Vieweg},
	title = {Electronic Commerce},
	year = {1999} }
	% OPTIONAL
	%volume= {} ,
	%%oder number= {}, 
	%series= {}, 
	%address= {}, 
	%month= {}, 
	%note= {}, 
	%isbn= {}
	
@BOOK{Wagner,
	author = {Peter-Oliver Wagner},
	publisher = {Deutscher Universitätsverlag},
	title = {Finanzdienstleister im Electronic Commerce},
	year = {1999} }
	% OPTIONAL
	%volume= {} ,
	%%oder number= {}, 
	%series= {}, 
	%address= {}, 
	%month= {}, 
	%note= {}, 
	%isbn= {}

@BOOK{Illik,
	author = {J. Anton Illik},
	publisher = {Oldenbourg Verlag},
	title = {Electronic Commerce - Grundlagen und Technik für die Erschließung elektronischer Märkte},
	year = {2002} }
	% OPTIONAL
	%volume= {} ,
	%%oder number= {}, 
	%series= {}, 
	%address= {}, 
	%month= {}, 
	%note= {}, 
	%isbn= {}

% Ende eBusiness----------------------------------------------------------------------------------------------------------------

% Supply Chain Management: Global Sourcing und die Herausforderungen in der Beschaffungslogistik -------------------------------

@BOOK{Poluha2010,
	author = {Poluha, Rolf G.},
	year = {2010},
	title = {Quintessenz des Supply Chain Managements - Was Sie wirklich über Ihre Prozesse in Beschaffung, Fertigung, Lagerung und Logistik wissen müssen},
	edition = {1. Auflage},
	publisher = {Springer-Verlag},
	address = {Berlin Heidelberg New York} }

@BOOK{Werner2008,
	author = {Werner, Hartmut},
	title = {Supply Chain Management - Grundlagen, Strategien, Instrumente und Controlling},
	publisher = {Gabler Verlag},
	address = {Wiesbaden},
	edition= {3. Auflage},
	year = {2008} }
	
% BOOK{praxeinkauf,
%	 author = {Weigel, Ulrich AND Rücker, Marco},
%	title = {Praxisguide Strategischer Einkauf - Know-How, Tools und Techniken für den globalen Beschaffer},
%	publisher = {Springer Gabler},
%	address = {Wiesbaden},
%	year = {2013} }
	
@BOOK{Weigel2013,
	AUTHOR = {Weigel, Ulrich AND Rücker, Marco},
	YEAR = {2013},
	TITLE = {Praxisguide Strategischer Einkauf - Know-how, Tools und Techniken für den globalen Beschaffer},
	EDITION = {2013. Aufl.},
	PUBLISHER = {Springer-Verlag},
	ADDRESS = {Berlin Heidelberg New York} }
% 	ISBN = {978-3-834-94431-3},

% BOOK{integ,
%	author = {Wannenwetsch, Helmut},
%	title = {Integrierte Materialwirtschaft, Logistik und Beschaffung},
%	publisher = {Springer-Verlag},
%	address = {Berlin Heidelberg},
%	edition= {5. Auflage},
%	year = {2014} }

@incollection{arnolds2013,
year={2013},
isbn={978-3-8349-3160-3},
booktitle={Materialwirtschaft und Einkauf},
title={Internationale Beschaffung},
publisher={Springer Fachmedien Wiesbaden},
author={Arnolds, Hans and Heege, Franz and Tussing, Werner and Röh, Carsten},
pages={365-404},
language={German}
}
%doi={10.1007/978-3-8349-3742-1_14},
%url={http://dx.doi.org/10.1007/978-3-8349-3742-1_14},
	
@BOOK{Wannenwetsch2014,
	AUTHOR = {Wannenwetsch, Helmut},
	YEAR = {2014},
	TITLE = {Integrierte Materialwirtschaft, Logistik und Beschaffung - },
	EDITION = {5. Aufl.},
	PUBLISHER = {Springer-Verlag},
	ADDRESS = {Berlin Heidelberg New York} }
%	ISBN = {978-3-642-45023-5},

% BOOK{bestprac,
%	author = {Bundesverband Materialwirtschaft, Einkauf und Logistik (Hrsg.)},
%	title = {Best Practice in Einkauf und Logistik},
%	publisher = {GWV Fachverlag},
%	address = {Wiesbaden},
%	edition= {2. Auflage},
%	year = {2008} }

@BOOK{Materialwirtschaft2009,
	AUTHOR = {Bundesverband Materialwirtschaft Einkauf und Logistik e.V.},
	YEAR = {2009},
	TITLE = {Best Practice in Einkauf und Logistik},
	EDITION = {2. Aufl.},
	PUBLISHER = {Springer-Verlag},
	ADDRESS = {Berlin Heidelberg New York} }
%	ISBN = {978-3-834-99581-0},

@BOOK{essig2005,
	author = {Eßig, Michael},
	title = {Perspektiven des Supply Chain Mangement - Konzepte und Anwendungen},
	publisher = {Springer-Verlag},
	address = {Berlin Heidelberg},
	year = {2005} }
	
@BOOK{Hutzschenreuter15,
	author = {Hutzschenreuter, Thomas},
	title = {Allgemeine Betriebswirtschaftslehre},
	publisher = {Springer Fachmedien},
	address = {Wiesbaden},
	edition = {6. Auflage},
	year = {2015} }
	
@BOOK{Hess2009,
	author = {Heß, Gerhard},
	title = {Supply-Strategien in Einkauf und Beschaffung - Systematischer Ansatz und Praxisfälle},
	publisher = {Springer-Verlag},
	address = {Berlin Heidelberg New York},
	edition = {1. Auflage},
	year = {2009}}

@BOOK{Dachrodt2014,
	author = {Dachrodt, Heinz-G. AND Koberski, Wolfgang AND Engelbert, Volker AND Dachrodt, Gunnar},
	title = {Praxishandbuch Human Resources - Management - Arbeitsrecht - Betriebsverfassung},
	edition = {1. Auflage},
	publisher = {Springer-Verlag},
	address = {Berlin Heidelberg New York},
	year = {2014}}

@BOOK{Langenscheidt2010,
	author = {Langenscheidt-Redaktion, Langenscheidt-Redaktion},
	year = {2010},
	title = {Universal-Wörterbuch Englisch - },
	address = {Berlin München},
	publisher = {Langenscheidt Publishing Grp} }
	
@BOOK{Gudehus2015,
	AUTHOR = {Gudehus, Gudehus},
	YEAR = {2015},
	TITLE = {Dynamische Märkte - Grundlagen und Anwendungen der analytischen Ökonomie},
	EDITION = {2. Aufl.},
	PUBLISHER = {Springer-Verlag},
	ADDRESS = {Berlin Heidelberg New York} }
	%ISBN = {978-3-662-46783-1},

@BOOK{Benedikter2014,
	AUTHOR = {Benedikter, Roland AND Nowotny, Verena},
	YEAR = {2014},
	TITLE = {China - Situation und Perspektiven des neuen weltpolitischen Akteurs},
	PUBLISHER = {Springer-Verlag},
	ADDRESS = {Berlin Heidelberg New York} }
	%ISBN = {978-3-658-01513-8},
	
@BOOK{pwc2008,
	AUTHOR = {o.V.},
	YEAR = {2008},
	TITLE = {Beschaffungslogistik im China-Geschäft: Kosten - Prozesse - Strategien},
	PUBLISHER = {PricewaterhouseCoopers, Bundesverband Materialwirtschaft Einkauf Logistik e.V.},
	ADDRESS = {Berlin Heidelberg New York} }
	
@BOOK{Rimkus2015,
	AUTHOR = {Rimkus, Manuel},
	YEAR = {2015},
	TITLE = {Motivation durch Wissensintermediation - Konzeptionelle Überlegungen und empirische Befunde zur Zusammenarbeit Bayerns mit China},
	PUBLISHER = {Springer-Verlag},
	ADDRESS = {Berlin Heidelberg New York} }

@misc{statistaEXPORTa,
	author = {statista},
	title = {China: Wachstum des realen Bruttoinlandsprodukts (BIP) von 2005 bis 2015 (gegenüber dem Vorjahr)},
	year = {2015a} ,
	url = {http://goo.gl/ZUcXSx},
	urldate= {2015"~12"~10} }

@misc{statistaEXPORTb,
	author = {statista},
	title = {Die 20 größten Exportländer weltweit im Jahr 2014},
	year = {2015b} ,
	url = {http://goo.gl/pKRzNu},
	urldate= {2015"~12"~10} }

	%publisher = {statista},
	

@ARTICLE{voss2009x,
	author = {Voss, Peter},
	title = {Beschaffung in China - Erfahrungen aus der Controlling Perspektive},
	journal = {Controlling \& Management} ,
	volume = {53},
	year = {2009},
	pages = {100--104} }
	
	
@article{voss2009,
year={2009},
issn={1614-1822},
journal={Controlling \& Management},
volume={53},
number={2},
title={Beschaffung in China},
publisher={SP Gabler Verlag},
author={Voss, Peter},
pages={100-104},
language={German}
}
%url={http://dx.doi.org/10.1007/s12176-009-0036-9},
%doi={10.1007/s12176-009-0036-9},

@incollection{faust2013,
year={2013},
booktitle={China Sourcing},
editor={Faust, Peter and Yang, Gang},
title={Praxisbeispiele China Sourcing und Wertschöpfung in China  Kompetenz chinesischer Lieferanten},
publisher={Springer Berlin Heidelberg},
author={Faust, Peter and Yang, Gang},
pages={123-291},
language={German}
}
%doi={10.1007/978-3-658-00452-1_6},	
%url={http://dx.doi.org/10.1007/978-3-658-00452-1_6},
%isbn={978-3-658-00451-4},
	
	
	
	
	
	
	
	
	
	
	